<record><leader>00000cas a22000007a 4500</leader><controlfield tag="001">12335056</controlfield><controlfield tag="008">850801d18811883wiuwr ne      0    0eng d</controlfield><datafield ind1=" " ind2=" " tag="010"><subfield code="a">sn 85041084 </subfield></datafield><datafield ind1=" " ind2=" " tag="040"><subfield code="a">NPV</subfield><subfield code="b">eng</subfield><subfield code="c">NPV</subfield><subfield code="d">OCLCQ</subfield></datafield><datafield ind1=" " ind2=" " tag="042"><subfield code="a">msc</subfield></datafield><datafield ind1=" " ind2=" " tag="045"><subfield code="a">w8w8</subfield></datafield><datafield ind1=" " ind2=" " tag="052"><subfield code="a">4123</subfield><subfield code="b">R6</subfield></datafield><datafield ind1="0" ind2=" " tag="130"><subfield code="a">Weekly outlook (Beloit, Wis.)</subfield></datafield><datafield ind1="1" ind2="0" tag="245"><subfield code="a">Weekly outlook.</subfield></datafield><datafield ind1=" " ind2=" " tag="260"><subfield code="a">Beloit, Wis. :</subfield><subfield code="b">Stephen Bowers,</subfield><subfield code="c">1881-1883.</subfield></datafield><datafield ind1=" " ind2=" " tag="300"><subfield code="a">2 v. :</subfield><subfield code="b">ill. (chiefly advertisements)</subfield></datafield><datafield ind1="0" ind2=" " tag="362"><subfield code="a">Vol. 2, no. 41 (Nov. 19, 1881)-v. 3, no. 52 (Feb. 16, 1883).</subfield></datafield><datafield ind1=" " ind2=" " tag="500"><subfield code="a">Title varies slightly.</subfield></datafield><datafield ind1=" " ind2=" " tag="500"><subfield code="a">Publisher varies.</subfield></datafield><datafield ind1=" " ind2=" " tag="500"><subfield code="a">Editor: S. Bowers, Nov. 19, 1881-May 20, 1882.</subfield></datafield><datafield ind1=" " ind2=" " tag="752"><subfield code="a">United States</subfield><subfield code="b">Wisconsin</subfield><subfield code="c">Rock</subfield><subfield code="d">Beloit.</subfield></datafield><datafield ind1="0" ind2=" " tag="775"><subfield code="t">Daily outlook</subfield><subfield code="w">(DLC)sn 85041081</subfield></datafield><datafield ind1="0" ind2="0" tag="780"><subfield code="t">Beloit weekly outlook</subfield><subfield code="w">(DLC)sn 85041083</subfield></datafield><datafield ind1="0" ind2="0" tag="785"><subfield code="t">Beloit outlook (Beloit, Wis. : 1883)</subfield><subfield code="w">(DLC)sn 85041085</subfield></datafield><datafield ind1="1" ind2=" " tag="029"><subfield code="a">AU@</subfield><subfield code="b">000025809767</subfield></datafield></record>